<record><leader>00000cas a22000007a 4500</leader><controlfield tag="001">10601368</controlfield><controlfield tag="008">840406d18471848mdudn ne      0    0eng  </controlfield><controlfield tag="009">466</controlfield><datafield ind1=" " ind2=" " tag="010"><subfield code="a">sn 84020338 </subfield></datafield><datafield ind1=" " ind2=" " tag="040"><subfield code="a">DLC</subfield><subfield code="b">eng</subfield><subfield code="c">DLC</subfield><subfield code="d">NPX</subfield><subfield code="d">MFN</subfield></datafield><datafield ind1="1" ind2=" " tag="029"><subfield code="a">AU@</subfield><subfield code="b">000025808569</subfield></datafield><datafield ind1=" " ind2=" " tag="042"><subfield code="a">msc</subfield></datafield><datafield ind1="0" ind2="0" tag="050"><subfield code="a">Newspaper</subfield></datafield><datafield ind1="0" ind2=" " tag="130"><subfield code="a">Republican and argus (Baltimore, Md. : 1847)</subfield></datafield><datafield ind1="0" ind2="0" tag="245"><subfield code="a">Republican and argus.</subfield></datafield><datafield ind1=" " ind2=" " tag="260"><subfield code="a">Baltimore, Md. :</subfield><subfield code="b">C.F. Cloud,</subfield></datafield><datafield ind1=" " ind2=" " tag="300"><subfield code="a">v.</subfield></datafield><datafield ind1=" " ind2=" " tag="310"><subfield code="a">Daily (except Sun.)</subfield></datafield><datafield ind1="0" ind2=" " tag="362"><subfield code="a">Vol. 32, no. 7,693 (Jan. 1, 1847)-v. 33, no. 8,283 (Nov. 30, 1848).</subfield></datafield><datafield ind1=" " ind2=" " tag="752"><subfield code="a">United States</subfield><subfield code="b">Maryland</subfield><subfield code="d">Baltimore.</subfield></datafield><datafield ind1="0" ind2=" " tag="775"><subfield code="t">Baltimore Republican (Baltimore, Md. : 1827)</subfield><subfield code="w">(DLC)sn 83016470</subfield></datafield><datafield ind1="0" ind2="0" tag="780"><subfield code="t">Daily Republican and argus (Baltimore, Md. : 1845)</subfield><subfield code="w">(DLC)sn 84020337</subfield></datafield><datafield ind1="0" ind2="0" tag="785"><subfield code="t">Daily Republican and argus (Baltimore, Md. : 1848)</subfield><subfield code="w">(DLC)sn 84020339</subfield></datafield></record>